% Encoding: UTF-8
@book{adams1995hitchhiker,
  title={The Hitchhiker's Guide to the Galaxy},
  author={Adams, D.},
  isbn={9781417642595},
  url={http://books.google.com/books?id=W-xMPgAACAAJ},
  year={1995},
  publisher={San Val}
}

@Www{Huebl2015,
  author    = {Huebl, Axel and Lehe, RÃ©mi and Vay, Jean-Luc and Grote, David P. and Sbalzarini, Ivo and Kuschel, Stephan and Bussmann, Michael},
  title     = {OpenPMD 1.0.0: A meta data standard for particle and mesh based data},
  year      = {2017},
  doi       = {10.5281/zenodo.33624},
  keywords  = {Open Data, Open Access, HPC, Simulations, Particle-Mesh, File Markup, Schema},
  language  = {en},
  owner     = {grotec},
  publisher = {Zenodo},
  timestamp = {2017.09.18},
  url       = {https://dx.doi.org/10.5281/zenodo.33624},
}

@Article{Wilkinson2016,
  author    = {Mark D. Wilkinson and Michel Dumontier and IJsbrand Jan Aalbersberg and Gabrielle Appleton and Myles Axton and Arie Baak and Niklas Blomberg and Jan-Willem Boiten and Luiz Bonino da Silva Santos and Philip E. Bourne and Jildau Bouwman and Anthony J. Brookes and Tim Clark and Merc{\`{e}} Crosas and Ingrid Dillo and Olivier Dumon and Scott Edmunds and Chris T. Evelo and Richard Finkers and Alejandra Gonzalez-Beltran and Alasdair J.G. Gray and Paul Groth and Carole Goble and Jeffrey S. Grethe and Jaap Heringa and Peter A.C {\'{}}t Hoen and Rob Hooft and Tobias Kuhn and Ruben Kok and Joost Kok and Scott J. Lusher and Maryann E. Martone and Albert Mons and Abel L. Packer and Bengt Persson and Philippe Rocca-Serra and Marco Roos and Rene van Schaik and Susanna-Assunta Sansone and Erik Schultes and Thierry Sengstag and Ted Slater and George Strawn and Morris A. Swertz and Mark Thompson and Johan van der Lei and Erik van Mulligen and Jan Velterop and Andra Waagmeester and Peter Wittenburg and Katherine Wolstencroft and Jun Zhao and Barend Mons},
  title     = {The {FAIR} Guiding Principles for scientific data management and stewardship},
  journal   = {Scientific Data},
  year      = {2016},
  volume    = {3},
  pages     = {160018},
  month     = {mar},
  doi       = {10.1038/sdata.2016.18},
  file      = {:Wilkinson2016 - The FAIR Guiding Principles for Scientific Data Management and Stewardship.pdf:PDF},
  publisher = {Springer Nature},
}

@Www{json2019,
  author = {json},
  title  = {The json website},
  year   = {2019},
  date   = {2019-10-31},
  url    = {https://www.json.org/},
}

@Www{Rew1989,
  author    = {Rew, Russ and Davis, Glenn and Emmerson, Steve and Cormack, Cathy and Caron, John and Pincus, Robert and Hartnett, Ed and Heimbigner, Dennis and {Lynton Appel} and Fisher, Ward},
  title     = {Unidata NetCDF},
  year      = {1989},
  doi       = {10.5065/D6H70CW6},
  keywords  = {Software, Free computer software, Open source software, Systems software, Application program interfaces, Metadata},
  language  = {en},
  publisher = {UCAR/NCAR - Unidata},
}

@Www{HDFGroup1997,
  author    = {{The HDF Group}},
  title     = {{Hierarchical Data Format, version 5}},
  year      = {1997},
  owner     = {grotec},
  timestamp = {2016.10.19},
  url       = {http://www.hdfgroup.org/HDF5/},
}

@Article{Liu2014,
  author        = {Liu, Qing and Logan, Jeremy and Tian, Yuan and Abbasi, Hasan and Podhorszki, Norbert and Choi, Jong Youl and Klasky, Scott and Tchoua, Roselyne and Lofstead, Jay and Oldfield, Ron and Parashar, Manish and Samatova, Nagiza and Schwan, Karsten and Shoshani, Arie and Wolf, Matthew and Wu, Kesheng and Yu, Weikuan},
  title         = {{Hello ADIOS: the challenges and lessons of developing leadership class I/O frameworks}},
  year          = {2014},
  volume        = {26},
  number        = {7},
  pages         = {1453--1473},
  issn          = {1532-0626},
  __markedentry = {[grotec:6]},
  doi           = {10.1002/cpe.3125},
  journaltitle  = {Concurrency and Computation: Practice and Experience},
  keywords      = {high performance computing, high performance I/O, I/O middleware},
  publisher     = {John Wiley {\&} Sons, Ltd},
  shortjournal  = {Concurrency Computat.: Pract. Exper.},
}

@Comment{jabref-meta: databaseType:bibtex;}
