@online{likelihood,
url = {https://en.wikipedia.org/wiki/Likelihood_function},
}

@online{poisson,
title = {Poisson distribution},
url = {https://en.wikipedia.org/wiki/Poisson_distribution},
}


@online{MLE,
title = {Maximum likelihood estimation},
url = {https://en.wikipedia.org/wiki/Maximum_likelihood_estimation}
}
@online{skweness,
title = {Skewness},
url = {https://en.wikipedia.org/wiki/Skewness}
}

@online{kurtosis,
title = {Kurtosis},
url = {https://en.wikipedia.org/wiki/Kurtosis}
}