% Encoding: UTF-8

@Article{White2012,
  author       = {White, Thomas A and Kirian, Richard A and Martin, Andrew V and Aquila, Andrew and Nass, Karol and Barty, Anton and Chapman, Henry N},
  date         = {2012},
  journaltitle = {Journal of Applied Crystallography},
  title        = {{CrystFEL: a software suite for snapshot serial crystallography}},
  doi          = {10.1107/s0021889812002312},
  number       = {2},
  pages        = {335--341},
  volume       = {45},
  annotation   = {Owner: grotec Added to JabRef: 2017.05.09},
  file         = {:/White et al. - 2012.pdf:pdf},
  owner        = {Carsten Fortmann-Grote},
  timestamp    = {2022-05-16},
}

@Comment{jabref-meta: databaseType:biblatex;}
